@article{a1,
	author = {{Author1, Author2}},
	title = {Title article 1},
	journal = {Journal},
	volume = {1},
	number = {1},
	year = {1000},
	pages = {1--10},
	publisher = {Publisher}
}

@book{plank1994libckpt,
  title={Libckpt: Transparent checkpointing under unix},
  author={Plank, James S and Beck, Micah and Kingsley, Gerry and Li, Kai},
  year={1994},
  publisher={Computer Science Department}
}

@techreport{mpistd,
   TITLE = "{{MPI}: A Message-Passing Interface Standard}",
   AUTHOR = {Message Passing Interface Forum},
   YEAR = {2015},
   MONTH = {July},
   URL={http://www.mpi-forum.org/docs/mpi-3.1/mpi31-report.pdf}
   }

@article{karonis2003mpich,
  title={{MPICH-G2}: A grid-enabled implementation of the message passing interface},
  author={Karonis, Nicholas T and Toonen, Brian and Foster, Ian},
  journal={Journal of Parallel and Distributed Computing},
  volume={63},
  number={5},
  pages={551--563},
  year={2003},
  publisher={Elsevier}
}

@incollection{gabriel2004open,
  title={{Open MPI}: Goals, concept, and design of a next generation {MPI} implementation},
  author={Gabriel, Edgar and Fagg, Graham E and Bosilca, George and Angskun, Thara and Dongarra, Jack J and Squyres, Jeffrey M and Sahay, Vishal and Kambadur, Prabhanjan and Barrett, Brian and Lumsdaine, Andrew and others},
  booktitle={Recent Advances in Parallel Virtual Machine and Message Passing Interface},
  pages={97--104},
  year={2004},
  publisher={Springer}
}

@inproceedings{cela2016fostering,
  title={Fostering Collaboration in Energy Research and Technological Developments applying new exascale HPC techniques},
  author={Cela, Jos{\'e} Mar{\'\i}a and Navaux, Philippe OA and Coutinho, Alvaro LGA and Mayo-Garc{\'\i}a, Rafael},
  booktitle={2016 16th IEEE/ACM International Symposium on Cluster, Cloud, and Grid Computing, Proceedings},
  pages={701--706},
  year={2016},
  organization={Institute of Electrical and Electronics Engineers (IEEE)}
}

@inproceedings{bellasi2012rtrm,
  title={A RTRM proposal for multi/many-core platforms and reconfigurable applications},
  author={Bellasi, Patrick and Massari, Giuseppe and Fornaciari, William},
  booktitle={Reconfigurable Communication-centric Systems-on-Chip (ReCoSoC), 2012 7th International Workshop on},
  pages={1--8},
  year={2012},
  organization={IEEE}
}

@inproceedings{esmaeilzadeh2011dark,
  title={Dark silicon and the end of multicore scaling},
  author={Esmaeilzadeh, Hadi and Blem, Emily and Amant, Renee St and Sankaralingam, Karthikeyan and Burger, Doug},
  booktitle={Computer Architecture (ISCA), 2011 38th Annual International Symposium on},
  pages={365--376},
  year={2011},
  organization={IEEE}
}

@techreport{EUstrategy,
   TITLE = "{The European HPC strategy and actions in Horizon 2020}",
   AUTHOR = {Thierry Van der Pyl},
   INSTITUTION = {European Commission},
   YEAR = {2014},
   MONTH = {February}
}

@inproceedings{shalf2010exascale,
  title={Exascale computing technology challenges},
  author={Shalf, John and Dosanjh, Sudip and Morrison, John},
  booktitle={International Conference on High Performance Computing for Computational Science},
  pages={1--25},
  year={2010},
  organization={Springer}
}

@article{snir2011exascale,
  title={Exascale research: preparing for the post-Moore era},
  author={Snir, Marc and Gropp, William D and Kogge, Peter},
  year={2011}
}

@techreport{USExascale,
   TITLE = "{Top Ten Exascale Research Challenges}",
   AUTHOR = {ASCAC Subcommittee Report},
   INSTITUTION = {Department of Energy},
   YEAR = {2014},
   MONTH = {February}
}

@inproceedings{kogge20102010,
  title={[2010] Facing the Exascale Energy Wall},
  author={Kogge, Peter M and La Fratta, Patrick and Vance, Megan},
  booktitle={2010 International Workshop on Innovative Architecture for Future Generation High Performance},
  pages={51--58},
  year={2010},
  organization={IEEE}
}

@article{Reed:2015:ECB:2797100.2699414,
 author = {Reed, Daniel A. and Dongarra, Jack},
 title = {Exascale Computing and Big Data},
 journal = {Commun. ACM},
 issue_date = {July 2015},
 volume = {58},
 number = {7},
 month = jun,
 year = {2015},
 issn = {0001-0782},
 pages = {56--68},
 numpages = {13},
 url = {http://doi.acm.org/10.1145/2699414},
 doi = {10.1145/2699414},
 acmid = {2699414},
 publisher = {ACM},
 address = {New York, NY, USA},
} 

@article{cappello2014toward,
  title={Toward exascale resilience: 2014 update},
  author={Cappello, Franck and Geist, Al and Gropp, William and Kale, Sanjay and Kramer, Bill and Snir, Marc},
  journal={Supercomputing frontiers and innovations},
  volume={1},
  number={1},
  pages={5--28},
  year={2014}
}

@ARTICLE{5871590, 
	author={X. Yang and Z. Wang and J. Xue and Y. Zhou}, 
	journal={IEEE Transactions on Computers}, 
	title={The Reliability Wall for Exascale Supercomputing}, 
	year={2012}, 
	volume={61}, 
	number={6}, 
	pages={767-779}, 
	keywords={checkpointing;fault tolerant computing;mainframes;parallel machines;ASCI White;availability;checkpointing;exascale supercomputing;fault-tolerance mechanisms;general reliability wall;hardware-software optimizations;large-scale supercomputing systems;parallel applications;petascale supercomputing;Checkpointing;Fault tolerance;Fault tolerant systems;Reliability theory;Software reliability;Strontium;Fault tolerance;checkpointing.;exascale;performance metric;reliability speedup;reliability wall}, 
	doi={10.1109/TC.2011.106}, 
	ISSN={0018-9340}, 
	month={June}
}

@article{egwutuoha2013survey,
  title={A survey of fault tolerance mechanisms and checkpoint/restart implementations for high performance computing systems},
  author={Egwutuoha, Ifeanyi P and Levy, David and Selic, Bran and Chen, Shiping},
  journal={The Journal of Supercomputing},
  volume={65},
  number={3},
  pages={1302--1326},
  year={2013},
  publisher={Springer}
}

@article{Rumley:15, 
author = {S\'{e}bastien Rumley and Dessislava Nikolova and Robert Hendry and Qi Li and David Calhoun and Keren Bergman}, 
journal = {J. Lightwave Technol.}, 
keywords = {},
number = {3}, 
pages = {547--562}, 
publisher = {OSA},
title = {Silicon Photonics for Exascale Systems}, 
volume = {33}, 
month = {Feb},
year = {2015},
url = {http://jlt.osa.org/abstract.cfm?URI=jlt-33-3-547},
}

@ARTICLE{6476868, 
author={Y. Arakawa and T. Nakamura and Y. Urino and T. Fujita}, 
journal={IEEE Communications Magazine}, 
title={Silicon photonics for next generation system integration platform}, 
year={2013}, 
volume={51}, 
number={3}, 
pages={72-77}, 
keywords={integrated circuit interconnections;integrated optics;3D memory;electronic system;electronics convergence;hybrid interposer;interconnection problem;many-core processor;next generation system integration platform;optical interposer;semiconductor technology;silicon photonic device;surface mounted components approach;Optical device fabrication;Optical interconnections;Optical modulation;Optical receivers;Optical transmitters;Optical waveguides;Semiconductor devices}, 
doi={10.1109/MCOM.2013.6476868}, 
ISSN={0163-6804}, 
month={March},}

@TECHREPORT{E7Reliability,
  TITLE =         {Intel Xeon Processor E7 Family Reaches
Reliability Parity with RISC/UNIX, Delivers
99.999% Reliability, Availability and
Serviceability},
  INSTITUTION =   {INFORMATION TECHNOLOGY INTELLIGENCE CONSULTING},
  ADDRESS =       {East Lansing, Michigan},
  YEAR  =         {2013},
}

@inproceedings{chen2013dynamic,
  title={Dynamic resource management in a HPC and Cloud hybrid environment},
  author={Chen, Miao and Dong, Fang and Luo, Junzhou},
  booktitle={International Conference on Algorithms and Architectures for Parallel Processing},
  pages={206--215},
  year={2013},
  organization={Springer}
}

@article{snir2014addressing,
  title={Addressing failures in exascale computing},
  author={Snir, Marc and Wisniewski, Robert W and Abraham, Jacob A and Adve, Sarita V and Bagchi, Saurabh and Balaji, Pavan and Belak, Jim and Bose, Pradip and Cappello, Franck and Carlson, Bill and others},
  journal={International Journal of High Performance Computing Applications},
  pages={1094342014522573},
  year={2014},
  publisher={Sage Publications}
}

@inproceedings{fiala2012detection,
  title={Detection and correction of silent data corruption for large-scale high-performance computing},
  author={Fiala, David and Mueller, Frank and Engelmann, Christian and Riesen, Rolf and Ferreira, Kurt and Brightwell, Ron},
  booktitle={Proceedings of the International Conference on High Performance Computing, Networking, Storage and Analysis},
  pages={78},
  year={2012},
  organization={IEEE Computer Society Press}
}

@ARTICLE{48828, 
author={J. Mauney and D. P. Agrawal and Y. K. Choe and E. A. Harcourt and S. Kim and W. J. Staats}, 
journal={Proceedings of the IEEE}, 
title={Computational models and resource allocation for supercomputers}, 
year={1989}, 
volume={77}, 
number={12}, 
pages={1859-1874}, 
keywords={operations research;parallel machines;supervisory programs;case studies;computational model;resource allocation;supercomputers;Computational modeling;Computer architecture;Computer languages;Concurrent computing;Military computing;NASA;Parallel processing;Program processors;Resource management;Supercomputers}, 
doi={10.1109/5.48828}, 
ISSN={0018-9219}, 
month={Dec},}

@ARTICLE{7155462, 
author={M. J. Schulte and M. Ignatowski and G. H. Loh and B. M. Beckmann and W. C. Brantley and S. Gurumurthi and N. Jayasena and I. Paul and S. K. Reinhardt and G. Rodgers}, 
journal={IEEE Micro}, 
title={Achieving Exascale Capabilities through Heterogeneous Computing}, 
year={2015}, 
volume={35}, 
number={4}, 
pages={26-36}, 
keywords={energy conservation;graphics processing units;parallel machines;parallel programming;AMD;GPU capability;accelerated processing units;energy efficiency;energy-efficient data-parallel computing;exascale capability;exascale computing;hardware optimization;heterogeneous computing;heterogeneous exascale system;high-end high-performance computing system;high-volume GPU technology;performance capability;supercomputer;Bandwidth;Computer programs;Energy efficiency;Graphics processing units;Memory management;Random access memory;Supercomputers;data-parallel computing;energy efficiency;exascale computing;hardware;heterogeneous computing}, 
doi={10.1109/MM.2015.71}, 
ISSN={0272-1732}, 
month={July},}

@ARTICLE{myEuroMPI, 
author={F. Reghenzani and G. Pozzi and G. Massari and S. Libutti and W. Fornaciari}, 
journal={ACM International Conference Proceedings Series}, 
title={The MIG Framework: Enabling Transparent Process Migration in {Open MPI}}, 
year={2016}, 
isbn={978-1-4503-4234-6/16/09},
doi={10.1145/2966884.2966903}, 
}

@inproceedings{Villa2014,
 author = {Villa, Oreste and Johnson, Daniel R. and O'Connor, Mike and Bolotin, Evgeny and Nellans, David and Luitjens, Justin and Sakharnykh, Nikolai and Wang, Peng and Micikevicius, Paulius and Scudiero, Anthony and Keckler, Stephen W. and Dally, William J.},
 title = {Scaling the Power Wall: A Path to Exascale},
 booktitle = {Proceedings of the International Conference for High Performance Computing, Networking, Storage and Analysis},
 series = {SC '14},
 year = {2014},
 isbn = {978-1-4799-5500-8},
 location = {New Orleans, Louisana},
 pages = {830--841},
 numpages = {12},
 url = {http://dx.doi.org/10.1109/SC.2014.73},
 doi = {10.1109/SC.2014.73},
 acmid = {2683684},
 publisher = {IEEE Press},
 address = {Piscataway, NJ, USA},
} 

@inproceedings{hargrove2006berkeley,
  title={Berkeley lab checkpoint/restart (blcr) for linux clusters},
  author={Hargrove, Paul H and Duell, Jason C},
  booktitle={Journal of Physics: Conference Series},
  volume={46},
  number={1},
  pages={494},
  year={2006},
  organization={IOP Publishing}
}


@misc{CRIU,
  title = {CRIU - Checkpoint/Restore In Userspace},
  howpublished = {\url{https://criu.org/}},
  note = {Accessed: 2016-08-08}
}

@inproceedings{philp2005software,
  title={Software failures and the road to a petaflop machine},
  author={Philp, Ian},
  booktitle={HPCRI: 1st Workshop on High Performance Computing Reliability Issues, in Proceedings of the 11th International Symposium on High Performance Computer Architecture (HPCA-11)},
  year={2005}
}

@inproceedings{xavier2013performance,
  title={Performance evaluation of container-based virtualization for high performance computing environments},
  author={Xavier, Miguel G and Neves, Marcelo V and Rossi, Fabio D and Ferreto, Tiago C and Lange, Timoteo and De Rose, Cesar AF},
  booktitle={2013 21st Euromicro International Conference on Parallel, Distributed, and Network-Based Processing},
  pages={233--240},
  year={2013},
  organization={IEEE}
}

@inproceedings{huang2007virtual,
  title={Virtual machine aware communication libraries for high performance computing},
  author={Huang, Wei and Koop, Matthew J and Gao, Qi and Panda, Dhabaleswar K},
  booktitle={Proceedings of the 2007 ACM/IEEE conference on Supercomputing},
  pages={9},
  year={2007},
  organization={ACM}
}

@article{pickartz2016impacts,
  title={Impacts of Virtualization on Intra-Host Communication},
  author={Pickartz, Simon and Breitbart, Jens and Lankes, Stefan},
  year={2016}
}

@inproceedings{hursey2009interconnect,
  title={Interconnect agnostic checkpoint/restart in {Open MPI}},
  author={Hursey, Joshua and Mattox, Timothy I and Lumsdaine, Andrew},
  booktitle={Proceedings of the 18th ACM international symposium on High performance distributed computing},
  pages={49--58},
  year={2009},
  organization={ACM}
}

@inproceedings{wang2008proactive,
  title={Proactive process-level live migration in HPC environments},
  author={Wang, Chao and Mueller, Frank and Engelmann, Christian and Scott, Stephen L},
  booktitle={Proceedings of the 2008 ACM/IEEE conference on Supercomputing},
  pages={43},
  year={2008},
  organization={IEEE Press}
}

@inproceedings{mills2013evaluating,
  title={Evaluating energy savings for checkpoint/restart},
  author={Mills, Bryan and Grant, Ryan E and Ferreira, Kurt B and Riesen, Rolf},
  booktitle={Proceedings of the 1st International Workshop on Energy Efficient Supercomputing},
  pages={6},
  year={2013},
  organization={ACM}
}

@inproceedings{li1997checkpointing,
  title={Checkpointing message-passing interface ({MPI}) parallel programs},
  author={Li, Wei-Jih and Tsay, Jyh-Jong},
  booktitle={Fault-Tolerant Systems, 1997. Proceedings., Pacific Rim International Symposium on},
  pages={147--152},
  year={1997},
  organization={IEEE}
}

@inproceedings{stellner1996cocheck,
  title={CoCheck: Checkpointing and process migration for {MPI}},
  author={Stellner, Georg},
  booktitle={Parallel Processing Symposium, 1996., Proceedings of IPPS'96, The 10th International},
  pages={526--531},
  year={1996},
  organization={IEEE}
}

@article{sankaran2005lam,
  title={The {LAM/MPI} checkpoint/restart framework: System-initiated checkpointing},
  author={Sankaran, Sriram and Squyres, Jeffrey M and Barrett, Brian and Sahay, Vishal and Lumsdaine, Andrew and Duell, Jason and Hargrove, Paul and Roman, Eric},
  journal={International Journal of High Performance Computing Applications},
  volume={19},
  number={4},
  pages={479--493},
  year={2005},
  publisher={Sage Publications}
}

@inproceedings{hursey2010checkpoint,
  title={Checkpoint/restart-enabled parallel debugging},
  author={Hursey, Joshua and January, Chris and O'Connor, Mark and Hargrove, Paul H and Lecomber, David and Squyres, Jeffrey M and Lumsdaine, Andrew},
  booktitle={European MPI Users' Group Meeting},
  pages={219--228},
  year={2010},
  organization={Springer}
}

@article{krauter2002taxonomy,
  title={A taxonomy and survey of grid resource management systems for distributed computing},
  author={Krauter, Klaus and Buyya, Rajkumar and Maheswaran, Muthucumaru},
  journal={Software: Practice and Experience},
  volume={32},
  number={2},
  pages={135--164},
  year={2002},
  publisher={Wiley Online Library}
}

@inproceedings{raman1998matchmaking,
  title={Matchmaking: Distributed resource management for high throughput computing},
  author={Raman, Rajesh and Livny, Miron and Solomon, Marvin},
  booktitle={High Performance Distributed Computing, 1998. Proceedings. The Seventh International Symposium on},
  pages={140--146},
  year={1998},
  organization={IEEE}
}

@article{beloglazov2012energy,
  title={Energy-aware resource allocation heuristics for efficient management of data centers for cloud computing},
  author={Beloglazov, Anton and Abawajy, Jemal and Buyya, Rajkumar},
  journal={Future generation computer systems},
  volume={28},
  number={5},
  pages={755--768},
  year={2012},
  publisher={Elsevier}
}

@inproceedings{foster1998grid,
  title={A grid-enabled {MPI}: Message passing in heterogeneous distributed computing systems},
  author={Foster, Ian and Karonis, Nicholas T},
  booktitle={Proceedings of the 1998 ACM/IEEE conference on Supercomputing},
  pages={1--11},
  year={1998},
  organization={IEEE Computer Society}
}

@inproceedings{wang2014next,
  title={Next generation job management systems for extreme-scale ensemble computing},
  author={Wang, Ke and Zhou, Xiaobing and Chen, Hao and Lang, Michael and Raicu, Ioan},
  booktitle={Proceedings of the 23rd international symposium on High-performance parallel and distributed computing},
  pages={111--114},
  year={2014},
  organization={ACM}
}

@article{hussain2013survey,
  title={A survey on resource allocation in high performance distributed computing systems},
  author={Hussain, Hameed and Malik, Saif Ur Rehman and Hameed, Abdul and Khan, Samee Ullah and Bickler, Gage and Min-Allah, Nasro and Qureshi, Muhammad Bilal and Zhang, Limin and Yongji, Wang and Ghani, Nasir and others},
  journal={Parallel Computing},
  volume={39},
  number={11},
  pages={709--736},
  year={2013},
  publisher={Elsevier}
}

@inproceedings{cabello2014fault,
  title={Fault tolerance in heterogeneous multi-cluster systems through a task migration mechanism},
  author={Cabello, Uriel and Rodr{\'\i}guez, Jos{\'e} and Meneses, Amilcar and Mendoza, Sonia and Decouchant, Dominique},
  booktitle={Electrical Engineering, Computing Science and Automatic Control (CCE), 2014 11th International Conference on},
  pages={1--7},
  year={2014},
  organization={IEEE}
}

@article{karo2006application,
  title={The application level placement scheduler},
  author={Karo, Michael and Lagerstrom, Richard and Kohnke, Marlys and Albing, Carl},
  year={2006}
}

@inproceedings{gentzsch2001sun,
  title={Sun grid engine: Towards creating a compute power grid},
  author={Gentzsch, Wolfgang},
  booktitle={Cluster Computing and the Grid, 2001. Proceedings. First IEEE/ACM International Symposium on},
  pages={35--36},
  year={2001},
  organization={IEEE}
}

@inproceedings{zhou1992lsf,
  title={Lsf: Load sharing in large heterogeneous distributed systems},
  author={Zhou, Songnian},
  booktitle={I Workshop on Cluster Computing},
  volume={136},
  year={1992}
}

@inproceedings{yoo2003slurm,
  title={Slurm: Simple linux utility for resource management},
  author={Yoo, Andy B and Jette, Morris A and Grondona, Mark},
  booktitle={Workshop on Job Scheduling Strategies for Parallel Processing},
  pages={44--60},
  year={2003},
  organization={Springer}
}

@inproceedings{staples2006torque,
  title={TORQUE resource manager},
  author={Staples, Garrick},
  booktitle={Proceedings of the 2006 ACM/IEEE conference on Supercomputing},
  pages={8},
  year={2006},
  organization={ACM}
}

@article{smith1998heterogeneous,
  title={Heterogeneous process migration: The Tui system},
  author={Smith, Peter and Hutchinson, Norman C},
  journal={Software-Practice and Experience},
  volume={28},
  number={6},
  pages={611--640},
  year={1998},
  publisher={Citeseer}
}

@article{elnozahy2002survey,
  title={A survey of rollback-recovery protocols in message-passing systems},
  author={Elnozahy, Elmootazbellah Nabil and Alvisi, Lorenzo and Wang, Yi-Min and Johnson, David B},
  journal={ACM Computing Surveys (CSUR)},
  volume={34},
  number={3},
  pages={375--408},
  year={2002},
  publisher={ACM}
}

@misc{makhorin2008glpk,
  title={GLPK (GNU linear programming kit)},
  author={Makhorin, Andrew},
  year={2008}
}

@article{mitchell2011branch,
  title={Branch and cut},
  author={Mitchell, John E},
  journal={Wiley Encyclopedia of Operations Research and Management Science},
  year={2011},
  publisher={Wiley Online Library}
}

@article{papadimitriou1981complexity,
  title={On the complexity of integer programming},
  author={Papadimitriou, Christos H},
  journal={Journal of the ACM (JACM)},
  volume={28},
  number={4},
  pages={765--768},
  year={1981},
  publisher={ACM}
}

@misc{provos2003libevent,
  title={libevent-an event notification library},
  author={Provos, Niels and Mathewson, Nick},
  year={2003}
}

@inproceedings{rapier2008high,
  title={High speed bulk data transfer using the SSH protocol},
  author={Rapier, Chris and Bennett, Benjamin},
  booktitle={Proceedings of the 15th ACM Mardi Gras conference: From lightweight mash-ups to lambda grids: Understanding the spectrum of distributed computing requirements, applications, tools, infrastructures, interoperability, and the incremental adoption of key capabilities},
  pages={11},
  year={2008},
  organization={ACM}
}

@inproceedings{schulz2004implementation,
  title={Implementation and evaluation of a scalable application-level checkpoint-recovery scheme for {MPI} programs},
  author={Schulz, Martin and Bronevetsky, Greg and Fernandes, Rohit and Marques, Daniel and Pingali, Keshav and Stodghill, Paul},
  booktitle={Proceedings of the 2004 ACM/IEEE conference on Supercomputing},
  pages={38},
  year={2004},
  organization={IEEE Computer Society}
}

@misc{LinuxNamespaces,
  title = {Namespaces - Linux Programmer's Manual},
  howpublished = {\url{http://man7.org/linux/man-pages/man7/namespaces.7.html}},
  note = {Accessed: 2016-08-22}
}


@incollection{graham2005open,
  title={Open {MPI}: A flexible high performance {MPI}},
  author={Graham, Richard L and Woodall, Timothy S and Squyres, Jeffrey M},
  booktitle={Parallel Processing and Applied Mathematics},
  pages={228--239},
  year={2005},
  publisher={Springer}
}

@article{bailey1991parallel,
  title={The {NAS} parallel benchmarks},
  author={Bailey, David H and Barszcz, Eric and Barton, John T and Browning, David S and Carter, Robert L and Dagum, Leonardo and Fatoohi, Rod A and Frederickson, Paul O and Lasinski, Thomas A and Schreiber, Rob S and others},
  journal={International Journal of High Performance Computing Applications},
  volume={5},
  number={3},
  pages={63--73},
  year={1991},
  publisher={SAGE Publications}
}

@misc{NPBDataSize,
  title = {Problem Sizes and Parameters in {NAS} Parallel Benchmarks},
  howpublished = {\url{http://www.nas.nasa.gov/publications/npb_problem_sizes.html}},
  note = {Accessed: 2016-08-30}
}


@article{deutsch1996gzip,
  title={GZIP file format specification version 4.3},
  author={Deutsch, L Peter},
  year={1996}
}

@inproceedings{vienne2012performance,
  title={Performance analysis and evaluation of infiniband fdr and 40gige roce on hpc and cloud computing systems},
  author={Vienne, Jerome and Chen, Jitong and Wasi-Ur-Rahman, Md and Islam, Nusrat S and Subramoni, Hari and Panda, Dhabaleswar K},
  booktitle={2012 IEEE 20th Annual Symposium on High-Performance Interconnects},
  pages={48--55},
  year={2012},
  organization={IEEE}
}

@article{fourer1990modeling,
  title={A modeling language for mathematical programming},
  author={Fourer, Robert and Gay, David M and Kernighan, Brian W},
  journal={Management Science},
  volume={36},
  number={5},
  pages={519--554},
  year={1990},
  publisher={INFORMS}
}

@misc{cgroupdoc,
  title = {CGroups Kernel Documentation},
  howpublished = {\url{https://www.kernel.org/doc/Documentation/cgroup-v1/cgroups.txt}},
  note = {Accessed: 2016-09-12}
}

@article{bellasi2015effective,
  title={Effective Runtime Resource Management Using Linux Control Groups with the BarbequeRTRM Framework},
  author={Bellasi, Patrick and Massari, Giuseppe and Fornaciari, William},
  journal={ACM Transactions on Embedded Computing Systems (TECS)},
  volume={14},
  number={2},
  pages={39},
  year={2015},
  publisher={ACM}
}